@article{krizhevsky2017imagenet,
  title={Imagenet classification with deep convolutional neural networks},
  author={Krizhevsky, Alex and Sutskever, Ilya and Hinton, Geoffrey E},
  journal={Communications of the ACM},
  volume={60},
  number={6},
  pages={84--90},
  year={2017},
  publisher={ACM New York, NY, USA}
}

@inproceedings{he2016deep,
  title={Deep residual learning for image recognition},
  author={He, Kaiming and Zhang, Xiangyu and Ren, Shaoqing and Sun, Jian},
  booktitle={Proceedings of the IEEE conference on computer vision and pattern recognition},
  pages={770--778},
  year={2016}
}

@ARTICLE{7820046,
  author={K. {Zhang} and M. {Sun} and T. X. {Han} and X. {Yuan} and L. {Guo} and T. {Liu}},
  journal={IEEE Transactions on Circuits and Systems for Video Technology}, 
  title={Residual Networks of Residual Networks: Multilevel Residual Networks}, 
  year={2018},
  volume={28},
  number={6},
  pages={1303-1314},
  doi={10.1109/TCSVT.2017.2654543}}