@article{one,
  title={Imagenet classification with deep convolutional neural networks},
  author={Krizhevsky, Alex and Sutskever, Ilya and Hinton, Geoffrey E},
  journal={Communications of the ACM},
  volume={60},
  number={6},
  pages={84--90},
  year={2017},
  publisher={ACM New York, NY, USA}
}

@inproceedings{three,
  title={Deep residual learning for image recognition},
  author={He, Kaiming and Zhang, Xiangyu and Ren, Shaoqing and Sun, Jian},
  booktitle={Proceedings of the IEEE conference on computer vision and pattern recognition},
  pages={770--778},
  year={2016}
}

@ARTICLE{two,
  author={K. {Zhang} and M. {Sun} and T. X. {Han} and X. {Yuan} and L. {Guo} and T. {Liu}},
  journal={IEEE Transactions on Circuits and Systems for Video Technology}, 
  title={Residual Networks of Residual Networks: Multilevel Residual Networks}, 
  year={2018},
  volume={28},
  number={6},
  pages={1303-1314},
  doi={10.1109/TCSVT.2017.2654543}}
  
@ARTICLE{four,
  author={G. {Wang} and G. B. {Giannakis} and J. {Chen}},
  journal={IEEE Transactions on Signal Processing}, 
  title={Learning ReLU Networks on Linearly Separable Data: Algorithm, Optimality, and Generalization}, 
  year={2019},
  volume={67},
  number={9},
  pages={2357-2370},
  doi={10.1109/TSP.2019.2904921}}
  
@inproceedings{five,  author={J. {Deng} and W. {Dong} and R. {Socher} and L. {Li} and  {Kai Li} and  {Li Fei-Fei}},  booktitle={2009 IEEE Conference on Computer Vision and Pattern Recognition},   title={ImageNet: A large-scale hierarchical image database},   year={2009},  volume={},  number={},  pages={248-255},  doi={10.1109/CVPR.2009.5206848}}